% Encoding: UTF-8
@comment{x-kbibtex-personnameformatting=<%l><, %f>}

@phdthesis{Bouabdalla2007,
    title    = {Design and control of quadrotors with application to autonomous flying},
    school   = {École Polytechnique Fédérale de Lausanne},
    author   = {Bouabdallah, Samir},
    year     = {2007},
}
@book{Parallel_Manipulators,
author = "Jaime Gallardo-Alvarado",
title = "An Overview of Parallel Manipulators",
publisher = "Springer",
address = "Manhattan, NY",
year = "2016"
}

@book{flip,
author = "Sergei Lupashin and Raffaello D’Andrea",
title = "Adaptive fast open-loop maneuvers for quadrocopters",
publisher = "Springer",
pages = "89-102",
address = "Manhattan, NY",
year = "2012"
}
@book{houston_2001, title={Bramwell’s Helicopter Dynamics — second edition A.R.S. Bramwell, G. Done D. Balmford Butterworth-Heinemann, Linacre House, Jordan Hill, Oxford OX2 8DP, UK. 2001. 373pp. Illustrated. £65. ISBN 0-7506-5075-3.}, volume={105}, DOI={10.1017/S0001924000017978}, number={1051}, journal={The Aeronautical Journal (1968)}, publisher={Cambridge University Press}, author={Houston, Stewart}, year={2001}, pages={534–534}}

@phdthesis{Mullhaupt1999,
    title    = {Analysis and Control of Underactuated Mechanical Nonminimum-phase Systems},
    school   = {EPFL},
    author   = {P. Mullhaupt},
    year     = {1999},
}

@Comment{jabref-meta: databaseType:bibtex;}